<record><leader>00000cas a22000007a 4500</leader><controlfield tag="001">9876001</controlfield><controlfield tag="008">830902d18851894ksuwr ne      0    0eng d</controlfield><controlfield tag="009">3789</controlfield><datafield ind1=" " ind2=" " tag="010"><subfield code="a">sn 83040705 </subfield></datafield><datafield ind1=" " ind2=" " tag="040"><subfield code="a">KSH</subfield><subfield code="b">eng</subfield><subfield code="c">KSH</subfield><subfield code="d">NPT</subfield></datafield><datafield ind1="1" ind2=" " tag="029"><subfield code="a">AU@</subfield><subfield code="b">000025802161</subfield></datafield><datafield ind1=" " ind2=" " tag="042"><subfield code="a">msc</subfield></datafield><datafield ind1=" " ind2=" " tag="043"><subfield code="a">n-us-ks</subfield></datafield><datafield ind1="0" ind2="0" tag="245"><subfield code="a">Sedan times-journal.</subfield></datafield><datafield ind1="0" ind2="0" tag="246"><subfield code="a">Sedan times journal</subfield></datafield><datafield ind1=" " ind2=" " tag="260"><subfield code="a">Sedan, Kan. :</subfield><subfield code="b">R.G. Ward,</subfield><subfield code="c">1885-1894.</subfield></datafield><datafield ind1=" " ind2=" " tag="300"><subfield code="a">9 v. ;</subfield><subfield code="c">66 cm.</subfield></datafield><datafield ind1=" " ind2=" " tag="310"><subfield code="a">Weekly</subfield></datafield><datafield ind1="0" ind2=" " tag="362"><subfield code="a">Vol. 13, no. 1 (Jan. 2, 1885)-v. 22, no. 2 (Jan. 12, 1894).</subfield></datafield><datafield ind1=" " ind2=" " tag="525"><subfield code="a">Supplements accompany some issues.</subfield></datafield><datafield ind1=" " ind2=" " tag="530"><subfield code="a">Available on microfilm from Micro Photo.</subfield></datafield><datafield ind1=" " ind2=" " tag="500"><subfield code="a">Editor: R.G. Ward.</subfield></datafield><datafield ind1="1" ind2=" " tag="700"><subfield code="a">Ward, R. G.</subfield></datafield><datafield ind1=" " ind2=" " tag="752"><subfield code="a">United States</subfield><subfield code="b">Kansas</subfield><subfield code="c">Chautauqua</subfield><subfield code="d">Sedan.</subfield></datafield><datafield ind1="0" ind2="4" tag="780"><subfield code="t">Sedan times</subfield><subfield code="w">(DLC)sn 83040706</subfield></datafield><datafield ind1="0" ind2="4" tag="780"><subfield code="t">Chautauqua journal</subfield><subfield code="w">(DLC)sn 83040714</subfield></datafield><datafield ind1="0" ind2="7" tag="785"><subfield code="t">Cedar Vale star</subfield><subfield code="w">(DLC)sn 83040741</subfield></datafield><datafield ind1="0" ind2="7" tag="785"><subfield code="t">Weekly times-star</subfield><subfield code="w">(DLC)sn 83040702</subfield></datafield></record>